2293 3166
802 279 1016 325 quraehis
1037 281 1111 314 (md
1125 282 1350 317 Voandzeia.
1821 287 1892 321 159

354 377 403 411 ad
421 377 571 411 axillam
594 377 670 411 folii
691 377 747 412 vel
768 378 931 412 bracteae.
954 378 1213 413 biauriculatae
1234 379 1454 425 stipularum
1475 381 1554 426 pari
1574 381 1703 417 similis
1723 383 1891 425 solitarii,

354 442 571 477 brevissime
596 442 819 488 pedicellati‚
846 444 1047 478 bracteolis
1067 448 1087 478 2
1110 443 1290 490 oppositis
1312 444 1515 479 linearibus
1535 447 1825 482 membranaceis
1844 449 1891 483 ad

353 508 497 554 apicem
518 507 688 554 pedicelli
709 509 799 543 sitis.

258 605 286 635 l.
317 602 362 636 A.
377 601 552 649 lzgspogoea
571 603 696 647 (Linn.
713 602 774 648 Sp.
796 615 828 648 p.
848 604 984 645 1040),
998 615 1135 645 annua,
1148 603 1255 638 caule
1269 609 1393 638 erecto
1409 604 1465 639 vel
1478 604 1731 640 adscendente
1748 618 1892 641 ramoso

355 668 485 714 piloso,
506 668 641 702 foliolis
660 668 829 702 obovatis
845 668 988 703 obtusis
1008 669 1239 704 luucronatis
1259 681 1370 715 supra
1383 669 1523 716 glabris
1543 671 1675 705 subtus
1692 671 1868 716 pilosulis.

306 733 349 767 In
376 733 551 768 America
579 733 725 779 tropica
750 733 953 780 indigena?
981 734 1019 768 in
1042 734 1286 769 calidioribus
1310 735 1506 781 utriusque
1532 735 1632 771 orbis
1659 736 1772 772 culta.
1798 739 1846 779 (v.
1867 748 1893 771 s.

353 810 439 833 cum
461 799 495 832 fl.
513 803 533 841 Ψ
548 804 584 833 et
603 805 619 838 ῼ
636 804 672 833 et
693 799 765 841 fr.).

255 901 286 931 2.
316 896 561 943 A.glabrata‚
578 897 764 943 perenniS,
784 898 916 943 glabra
935 898 992 933 vel
1013 899 1097 933 binc
1118 899 1204 933 inde
1224 899 1395 945 pilosula,
1411 899 1657 944 adscendens,
1672 900 1894 947 stipularum

354 968 456 1009 parte
475 963 591 997 libera
610 963 788 1009 elongata
807 963 855 997 ad
875 963 1049 998 foliorum
1076 976 1142 1010 par
1165 964 1334 998 infiiuuin
1356 965 1649 1010 subattingente‚
1675 965 1811 1001 foliolis
1831 968 1894 1001 ob—

354 1028 662 1074 longo-ellipticis
682 1028 827 1063 obtusis
847 1029 1078 1063 mucronatis
1101 1029 1179 1064 basi
1203 1029 1414 1064 rotundatis
1433 1030 1649 1065 brevissime
1668 1031 1896 1076 petiolulatis

355 1105 466 1140 snpra
483 1093 623 1140 glabris
643 1094 774 1128 subtus
793 1093 854 1127 vix
874 1093 1054 1139 pilosulis.

304 1159 364 1193 Ad
384 1159 454 1194 Rio
475 1160 597 1194 Pardo
616 1159 803 1194 Brasiliae.
834 1161 883 1203 (v.
897 1170 924 1193 s.
944 1170 1080 1194 comm.
1100 1171 1122 1193 a
1142 1159 1244 1194 Mus.
1264 1161 1382 1195 Acad.
1404 1161 1550 1206 Petrop.
1570 1173 1656 1195 euni
1676 1161 1712 1196 fl.
1731 1167 1750 1204 {2
1768 1164 1794 1207 ).

305 1223 441 1258 Planta
462 1225 605 1271 pusilla.
662 1223 802 1258 Foliola
822 1224 1123 1270 semipolliearia.
1182 1225 1305 1260 Tabas
1324 1226 1458 1272 calycis
1477 1231 1572 1260 3—4
1594 1227 1683 1272 poll.
1703 1227 1851 1273 longus.

257 1327 290 1357 3.
319 1323 366 1357 A.
384 1322 532 1369 pusilla,
562 1322 758 1368 perennis?
787 1322 892 1356 caule
919 1323 1191 1367 procumbente
1216 1323 1390 1368 pilosulo‚
1418 1324 1640 1369 stipularum
1660 1331 1765 1371 parte
1786 1325 1900 1360 libera

357 1387 589 1429 brevissima,
610 1387 744 1421 foliolis
765 1387 883 1421 ovatis
903 1386 1121 1432 oblongisve
1139 1387 1385 1422 acutiusculis
1412 1390 1642 1424 mucronatis
1667 1390 1745 1425 basi
1772 1396 1900 1425 rotun-

357 1452 454 1487 datis
473 1464 585 1498 supra
603 1452 743 1498 glabris
764 1453 895 1487 subtus
914 1452 1091 1498 adpresse
1111 1453 1402 1498 pubescentibus
1422 1455 1653 1490 subserieeis.

308 1517 352 1553 In
373 1518 482 1553 Serra
496 1517 683 1553 Jacobina
700 1517 904 1563 provinciae
924 1517 1046 1551 Bahia
1064 1517 1248 1553 Brasiliae.
1277 1518 1470 1561 mancha,
1490 1519 1561 1555 No.
1577 1524 1686 1555 2669.
1709 1521 1757 1565 (v.
1770 1532 1797 1555 s.
1814 1532 1898 1555 cuin

360 1583 567 1626 nepem).

259 1686 292 1712 4.
322 1678 368 1712 A.
383 1682 585 1723 prostrata,
605 1677 793 1723 perennis,
809 1677 915 1713 caule
932 1683 1120 1724 prostrato
1140 1678 1284 1721 villoso,
1301 1679 1521 1726 stipularum
1543 1685 1645 1726 parte
1666 1680 1783 1715 libera
1801 1681 1901 1715 elon-

359 1749 447 1789 gata
473 1748 512 1777 at
531 1742 744 1776 foliolorum
772 1754 838 1789 par
858 1743 1027 1778 infimum
1048 1755 1122 1778 non
1140 1744 1362 1790 attingente,
1391 1745 1525 1779 foliolis
1546 1745 1664 1779 ovatis
1684 1746 1901 1791 oblongisve

361 1808 505 1843 obtusis
525 1808 757 1843 mucronatis
771 1808 853 1843 basi
870 1808 1082 1843 rotundatis
1098 1820 1211 1855 supra
1225 1809 1369 1855 glabris
1384 1811 1517 1845 subtus
1532 1810 1707 1856 adpresse
1721 1810 1874 1845 villosis.

309 1874 369 1908 Ad
388 1873 563 1908 Trabiras
584 1873 788 1919 provinciae
809 1874 937 1920 Goyaz
958 1874 1141 1909 Brasiliae.
1168 1874 1275 1909 Polzl.
1303 1876 1352 1919 (v.
1365 1886 1393 1910 s.
1413 1887 1496 1910 cum
1518 1875 1554 1910 fl.
1572 1880 1591 1918 ς)
1608 1887 1743 1911 conlrn.
1763 1887 1784 1911 a
1800 1875 1899 1911 Mus.

360 1939 458 1973 Caes.
481 1939 571 1985 Reg.
592 1938 734 1983 Vina).

315 2004 447 2039 Caules
465 2004 631 2050 elongati
652 2015 751 2050 sa‘pe
771 2005 839 2039 sub
860 2009 998 2038 terram
1020 2010 1199 2050 repentes.

264 2104 297 2133 5.
326 2099 373 2133 A.
395 2098 533 2140 villosa,
552 2098 736 2144 perennis,
756 2098 862 2133 caule
884 2104 1070 2144 prostrato
1091 2098 1233 2141 villoso,
1249 2099 1394 2145 stipulis
1414 2099 1627 2136 foliolorum
1648 2113 1714 2148 par
1734 2102 1901 2138 infimum

364 2163 641 2211 superantibus,
667 2163 804 2197 foliolis
829 2163 1043 2198 lato-ovatis
1069 2163 1197 2210 rigidis
1223 2165 1455 2200 mucronatis
1479 2177 1590 2211 supra
1613 2167 1903 2212 pubescentibus

364 2230 496 2264 subtus
516 2229 652 2275 pilosis.

314 2295 372 2330 Ad
393 2295 464 2329 Rio
485 2294 636 2329 Grande
655 2294 828 2329 Brasiliae
849 2294 1117 2330 Meridionalis.
1150 2295 1321 2330 Tweedie.
1352 2298 1402 2339 (v.
1415 2307 1442 2331 s.
1462 2308 1546 2332 cum
1569 2297 1604 2333 fl.
1623 2303 1642 2341 32
1658 2304 1695 2334 et
1714 2306 1731 2339 ῼ
1748 2301 1774 2344 ).

317 2360 471 2407 Stipnloe
499 2360 636 2406 longae,
663 2359 805 2406 rigidae,
834 2372 1015 2396 nervosae.
1074 2360 1222 2407 Calycis
1249 2360 1381 2396 labium
1409 2361 1445 2395 in
1469 2362 1566 2397 erius
1593 2364 1704 2399 latius
1728 2376 1840 2410 quam
1868 2366 1903 2399 in

364 2424 673 2471 praecedentibus.

267 2537 300 2566 6.
329 2532 375 2566 Α.
402 2530 565 2565 ΐιιῦενοεα
597 2531 806 2577 (Bongard,
837 2532 978 2577 MSS),
1014 2532 1198 2578 perennis,
1231 2533 1337 2567 caule
1368 2534 1469 2568 brevi
1501 2535 1734 2580 subsiinplici
1763 2535 1902 2576 villoso,

1052 2608 1075 2631 Y
1095 2601 1116 2630 2
