<?xml version="1.0" encoding="UTF-8"?>
<!DOCTYPE html PUBLIC "-//W3C//DTD XHTML 1.0 Transitional//EN"
    "http://www.w3.org/TR/xhtml1/DTD/xhtml1-transitional.dtd">
<html xmlns="http://www.w3.org/1999/xhtml" xml:lang="en" lang="en">
 <head>
  <title>
</title>
<meta http-equiv="Content-Type" content="text/html;charset=utf-8" />
  <meta name='ocr-system' content='tesseract 3.04.00' />
  <meta name='ocr-capabilities' content='ocr_page ocr_carea ocr_par ocr_line ocrx_word'/>
</head>
<body>
  <div class='ocr_page' id='page_1' title='image "./transactionsofli18183841linn_0352.png"; bbox 0 0 2293 3166; ppageno 0'>
   <div class='ocr_carea' id='block_1_1' title="bbox 317 269 1492 311">
    <p class='ocr_par' dir='ltr' id='par_1_1' title="bbox 317 269 1492 311">
     <span class='ocr_line' id='line_1_1' title="bbox 317 269 1492 311; baseline -0.006 -2"><span class='ocrx_word' id='word_1_1' title='bbox 317 276 388 311; x_wconf 74' lang='lat'>‘288</span> <span class='ocrx_word' id='word_1_2' title='bbox 772 274 905 308; x_wconf 74' lang='lat' dir='ltr'>Prince</span> <span class='ocrx_word' id='word_1_3' title='bbox 923 273 965 308; x_wconf 90' lang='lat' dir='ltr'>C.</span> <span class='ocrx_word' id='word_1_4' title='bbox 985 272 1028 307; x_wconf 89' lang='lat' dir='ltr'>L.</span> <span class='ocrx_word' id='word_1_5' title='bbox 1048 272 1275 306; x_wconf 45' lang='lat' dir='ltr'>Bompimm</span> <span class='ocrx_word' id='word_1_6' title='bbox 1296 283 1338 304; x_wconf 82' lang='grc' dir='ltr'>οη</span> <span class='ocrx_word' id='word_1_7' title='bbox 1359 282 1381 304; x_wconf 86' lang='grc' dir='ltr'><em>α</em></span> <span class='ocrx_word' id='word_1_8' title='bbox 1402 269 1492 304; x_wconf 75' lang='lat' dir='ltr'>New</span> 
     </span>
    </p>
   </div>
   <div class='ocr_carea' id='block_1_2' title="bbox 890 450 1388 486">
    <p class='ocr_par' dir='ltr' id='par_1_2' title="bbox 890 450 1388 486">
     <span class='ocr_line' id='line_1_2' title="bbox 890 450 1388 486; baseline -0.006 0"><span class='ocrx_word' id='word_1_9' title='bbox 890 452 1075 486; x_wconf 82' lang='lat' dir='ltr'>ORDINUM</span> <span class='ocrx_word' id='word_1_10' title='bbox 1095 450 1388 485; x_wconf 68' lang='lat' dir='ltr'>DISTRIBUT10*.</span> 
     </span>
    </p>
   </div>
   <div class='ocr_carea' id='block_1_3' title="bbox 743 546 1531 584">
    <p class='ocr_par' dir='ltr' id='par_1_3' title="bbox 743 546 1531 584">
     <span class='ocr_line' id='line_1_3' title="bbox 743 546 1531 584; baseline -0.004 0"><span class='ocrx_word' id='word_1_11' title='bbox 743 550 951 584; x_wconf 80' lang='lat' dir='ltr'>Suhclassis</span> <span class='ocrx_word' id='word_1_12' title='bbox 975 553 1003 583; x_wconf 94' lang='lat' dir='ltr'>l.</span> <span class='ocrx_word' id='word_1_13' title='bbox 1039 546 1531 583; x_wconf 71' lang='lat' dir='ltr'><strong>ELASMOBRANCHII.</strong></span> 
     </span>
    </p>
   </div>
   <div class='ocr_carea' id='block_1_4' title="bbox 321 626 1961 726">
    <p class='ocr_par' dir='ltr' id='par_1_4' title="bbox 321 626 1961 726">
     <span class='ocr_line' id='line_1_4' title="bbox 364 626 1960 672; baseline -0.005 -8"><span class='ocrx_word' id='word_1_14' title='bbox 364 634 530 664; x_wconf 81' lang='lat' dir='ltr'>Branehiae</span> <span class='ocrx_word' id='word_1_15' title='bbox 548 634 630 670; x_wconf 76' lang='lat' dir='ltr'>fixae,</span> <span class='ocrx_word' id='word_1_16' title='bbox 653 632 738 662; x_wconf 89' lang='lat' dir='ltr'>haud</span> <span class='ocrx_word' id='word_1_17' title='bbox 755 631 956 672; x_wconf 80' lang='lat' dir='ltr'>operculatae,</span> <span class='ocrx_word' id='word_1_18' title='bbox 979 630 1165 667; x_wconf 78' lang='lat' dir='ltr'>lamellares,</span> <span class='ocrx_word' id='word_1_19' title='bbox 1189 629 1285 660; x_wconf 81' lang='lat' dir='ltr'>radiis</span> <span class='ocrx_word' id='word_1_20' title='bbox 1302 627 1504 660; x_wconf 86' lang='lat' dir='ltr'>verticalibus</span> <span class='ocrx_word' id='word_1_21' title='bbox 1526 627 1637 668; x_wconf 77' lang='lat' dir='ltr'>paucis</span> <span class='ocrx_word' id='word_1_22' title='bbox 1654 626 1794 668; x_wconf 84' lang='lat' dir='ltr'>rarisque</span> <span class='ocrx_word' id='word_1_23' title='bbox 1811 638 1960 668; x_wconf 84' lang='lat' dir='ltr'>superex-</span> 
     </span>
     <span class='ocr_line' id='line_1_5' title="bbox 321 682 1961 726; baseline -0.005 -6"><span class='ocrx_word' id='word_1_24' title='bbox 321 694 443 720; x_wconf 84' lang='lat' dir='ltr'>tensam</span> <span class='ocrx_word' id='word_1_25' title='bbox 459 689 676 720; x_wconf 82' lang='lat' dir='ltr'>membranam</span> <span class='ocrx_word' id='word_1_26' title='bbox 694 686 1035 717; x_wconf 80' lang='lat' dir='ltr'>umcoso-vascularem</span> <span class='ocrx_word' id='word_1_27' title='bbox 1053 685 1175 715; x_wconf 85' lang='lat' dir='ltr'>minute</span> <span class='ocrx_word' id='word_1_28' title='bbox 1192 684 1342 726; x_wconf 82' lang='lat' dir='ltr'>plicatam</span> <span class='ocrx_word' id='word_1_29' title='bbox 1356 682 1608 713; x_wconf 76' lang='lat' dir='ltr'>sustinentibus:</span> <span class='ocrx_word' id='word_1_30' title='bbox 1629 682 1773 713; x_wconf 88' lang='lat' dir='ltr'>cranium</span> <span class='ocrx_word' id='word_1_31' title='bbox 1790 693 1854 713; x_wconf 86' lang='lat' dir='ltr'>non</span> <span class='ocrx_word' id='word_1_32' title='bbox 1872 690 1961 713; x_wconf 85' lang='lat' dir='ltr'>sutu-</span> 
     </span>
    </p>
   </div>
   <div class='ocr_carea' id='block_1_5' title="bbox 322 746 1438 853">
    <p class='ocr_par' dir='ltr' id='par_1_5' title="bbox 322 746 1438 853">
     <span class='ocr_line' id='line_1_6' title="bbox 322 746 762 786; baseline -0.009 -9"><span class='ocrx_word' id='word_1_33' title='bbox 322 752 436 777; x_wconf 83' lang='lat' dir='ltr'>ratum.</span> <span class='ocrx_word' id='word_1_34' title='bbox 486 746 762 786; x_wconf 65' lang='lat' dir='ltr'>Golmlassamlent.</span> 
     </span>
     <span class='ocr_line' id='line_1_7' title="bbox 840 815 1438 853; baseline -0.007 0"><span class='ocrx_word' id='word_1_35' title='bbox 840 819 964 853; x_wconf 57' lang='lat' dir='ltr'>&amp;ectio</span> <span class='ocrx_word' id='word_1_36' title='bbox 989 822 1017 852; x_wconf 93' lang='lat' dir='ltr'>l.</span> <span class='ocrx_word' id='word_1_37' title='bbox 1072 815 1438 852; x_wconf 86' lang='lat' dir='ltr'>PLAGIOSTOMI.</span> 
     </span>
    </p>
   </div>
   <div class='ocr_carea' id='block_1_6' title="bbox 321 894 1963 1050">
    <p class='ocr_par' dir='ltr' id='par_1_6' title="bbox 321 894 1963 1050">
     <span class='ocr_line' id='line_1_8' title="bbox 366 894 1962 942; baseline -0.007 -7"><span class='ocrx_word' id='word_1_38' title='bbox 366 904 525 935; x_wconf 76' lang='lat' dir='ltr'>Scele‘tum</span> <span class='ocrx_word' id='word_1_39' title='bbox 542 902 792 942; x_wconf 68' lang='lat' dir='ltr'>cartilaginoum,</span> <span class='ocrx_word' id='word_1_40' title='bbox 813 900 1038 941; x_wconf 80' lang='lat' dir='ltr'>granulosum:</span> <span class='ocrx_word' id='word_1_41' title='bbox 1063 909 1135 929; x_wconf 79' lang='lat' dir='ltr'>ossa</span> <span class='ocrx_word' id='word_1_42' title='bbox 1151 897 1325 927; x_wconf 80' lang='lat' dir='ltr'>maxillaria</span> <span class='ocrx_word' id='word_1_43' title='bbox 1341 901 1372 926; x_wconf 87' lang='lat' dir='ltr'>et</span> <span class='ocrx_word' id='word_1_44' title='bbox 1388 895 1645 926; x_wconf 84' lang='lat' dir='ltr'>intermaxillaria</span> <span class='ocrx_word' id='word_1_45' title='bbox 1661 899 1815 926; x_wconf 86' lang='lat' dir='ltr'>connata:</span> <span class='ocrx_word' id='word_1_46' title='bbox 1840 894 1962 926; x_wconf 85' lang='lat' dir='ltr'>cartila-</span> 
     </span>
     <span class='ocr_line' id='line_1_9' title="bbox 321 950 1963 1000; baseline -0.005 -11"><span class='ocrx_word' id='word_1_47' title='bbox 321 959 410 1000; x_wconf 78' lang='lat' dir='ltr'>gines</span> <span class='ocrx_word' id='word_1_48' title='bbox 427 958 555 989; x_wconf 79' lang='lat' dir='ltr'>labiales</span> <span class='ocrx_word' id='word_1_49' title='bbox 571 957 603 987; x_wconf 88' lang='lat' dir='ltr'>in</span> <span class='ocrx_word' id='word_1_50' title='bbox 621 957 784 998; x_wconf 71' lang='lat' dir='ltr'>pluribus:</span> <span class='ocrx_word' id='word_1_51' title='bbox 810 956 921 985; x_wconf 77' lang='lat' dir='ltr'>(lentes</span> <span class='ocrx_word' id='word_1_52' title='bbox 938 953 1074 984; x_wconf 81' lang='lat' dir='ltr'>maxillis</span> <span class='ocrx_word' id='word_1_53' title='bbox 1090 964 1154 983; x_wconf 91' lang='lat' dir='ltr'>non</span> <span class='ocrx_word' id='word_1_54' title='bbox 1172 951 1272 989; x_wconf 77' lang='lat' dir='ltr'>infixi,</span> <span class='ocrx_word' id='word_1_55' title='bbox 1294 951 1349 981; x_wconf 87' lang='lat' dir='ltr'>sed</span> <span class='ocrx_word' id='word_1_56' title='bbox 1365 955 1437 981; x_wconf 86' lang='lat' dir='ltr'>cute</span> <span class='ocrx_word' id='word_1_57' title='bbox 1454 955 1580 981; x_wconf 79' lang='lat' dir='ltr'>tantum</span> <span class='ocrx_word' id='word_1_58' title='bbox 1596 950 1751 992; x_wconf 81' lang='lat' dir='ltr'>adjuncti,</span> <span class='ocrx_word' id='word_1_59' title='bbox 1774 961 1848 980; x_wconf 85' lang='lat' dir='ltr'>cum</span> <span class='ocrx_word' id='word_1_60' title='bbox 1864 960 1963 990; x_wconf 86' lang='lat' dir='ltr'>eaque</span> 
     </span>
     <span class='ocr_line' id='line_1_10' title="bbox 322 1006 1615 1050; baseline -0.007 -6"><span class='ocrx_word' id='word_1_61' title='bbox 322 1017 489 1043; x_wconf 83' lang='lat' dir='ltr'>nutantes:</span> <span class='ocrx_word' id='word_1_62' title='bbox 515 1023 549 1042; x_wconf 82' lang='lat' dir='ltr'>os</span> <span class='ocrx_word' id='word_1_63' title='bbox 566 1017 794 1047; x_wconf 74' lang='lat' dir='ltr'>transversum,</span> <span class='ocrx_word' id='word_1_64' title='bbox 812 1010 929 1039; x_wconf 81' lang='lat' dir='ltr'>latum:</span> <span class='ocrx_word' id='word_1_65' title='bbox 955 1020 1071 1050; x_wconf 81' lang='lat' dir='ltr'>corpus</span> <span class='ocrx_word' id='word_1_66' title='bbox 1088 1012 1142 1038; x_wconf 83' lang='lat' dir='ltr'>aut</span> <span class='ocrx_word' id='word_1_67' title='bbox 1158 1007 1393 1037; x_wconf 79' lang='lat' dir='ltr'>tuberculatum</span> <span class='ocrx_word' id='word_1_68' title='bbox 1410 1011 1465 1036; x_wconf 86' lang='lat' dir='ltr'>aut</span> <span class='ocrx_word' id='word_1_69' title='bbox 1481 1006 1615 1036; x_wconf 85' lang='lat' dir='ltr'>nudum.</span> 
     </span>
    </p>
   </div>
   <div class='ocr_carea' id='block_1_7' title="bbox 323 1082 1966 1446">
    <p class='ocr_par' dir='ltr' id='par_1_7' title="bbox 330 1082 1963 1191">
     <span class='ocr_line' id='line_1_11' title="bbox 330 1082 1963 1131; baseline -0.004 -9"><span class='ocrx_word' id='word_1_70' title='bbox 330 1094 355 1122; x_wconf 90' lang='grc' dir='ltr'>Ι.</span> <span class='ocrx_word' id='word_1_71' title='bbox 384 1089 568 1122; x_wconf 72' lang='lat' dir='ltr'>SELACHA.</span> <span class='ocrx_word' id='word_1_72' title='bbox 609 1084 984 1131; x_wconf 67' lang='lat' dir='ltr'>(Clumdroptwygii.)</span> <span class='ocrx_word' id='word_1_73' title='bbox 1041 1083 1241 1118; x_wconf 78' lang='lat' dir='ltr'>Branehiae</span> <span class='ocrx_word' id='word_1_74' title='bbox 1280 1083 1428 1129; x_wconf 88' lang='lat' dir='ltr'>penitus</span> <span class='ocrx_word' id='word_1_75' title='bbox 1463 1083 1572 1116; x_wconf 77' lang='lat' dir='ltr'>fixae:</span> <span class='ocrx_word' id='word_1_76' title='bbox 1609 1082 1751 1117; x_wconf 88' lang='lat' dir='ltr'>fissuris</span> <span class='ocrx_word' id='word_1_77' title='bbox 1788 1082 1963 1126; x_wconf 79' lang='lat' dir='ltr'>utrinque</span> 
     </span>
     <span class='ocr_line' id='line_1_12' title="bbox 523 1155 632 1191; baseline -0.018 -5"><span class='ocrx_word' id='word_1_78' title='bbox 523 1155 632 1191; x_wconf 86' lang='grc'>5-7,</span> 
     </span>
    </p>

    <p class='ocr_par' dir='ltr' id='par_1_8' title="bbox 323 1212 1966 1446">
     <span class='ocr_line' id='line_1_13' title="bbox 323 1212 1963 1258; baseline -0.004 -6"><span class='ocrx_word' id='word_1_79' title='bbox 323 1223 355 1252; x_wconf 79' lang='lat'>2.</span> <span class='ocrx_word' id='word_1_80' title='bbox 387 1218 678 1252; x_wconf 71' lang='lat' dir='ltr'>HOLOCEPHALA.</span> <span class='ocrx_word' id='word_1_81' title='bbox 702 1214 1038 1258; x_wconf 57' lang='lat' dir='ltr'>(„leantlzm-rhini).</span> <span class='ocrx_word' id='word_1_82' title='bbox 1062 1213 1264 1248; x_wconf 78' lang='lat' dir='ltr'>Branehiae</span> <span class='ocrx_word' id='word_1_83' title='bbox 1284 1212 1419 1258; x_wconf 85' lang='lat' dir='ltr'>partim</span> <span class='ocrx_word' id='word_1_84' title='bbox 1440 1218 1587 1246; x_wconf 86' lang='lat' dir='ltr'>tantum</span> <span class='ocrx_word' id='word_1_85' title='bbox 1607 1212 1837 1258; x_wconf 82' lang='lat' dir='ltr'>marginibus</span> <span class='ocrx_word' id='word_1_86' title='bbox 1858 1212 1963 1247; x_wconf 79' lang='lat' dir='ltr'>fixae:</span> 
     </span>
     <span class='ocr_line' id='line_1_14' title="bbox 523 1277 1963 1326; baseline -0.003 -11"><span class='ocrx_word' id='word_1_87' title='bbox 523 1280 767 1315; x_wconf 80' lang='lat' dir='ltr'>foraminibus</span> <span class='ocrx_word' id='word_1_88' title='bbox 794 1280 960 1326; x_wconf 87' lang='lat' dir='ltr'>quinque</span> <span class='ocrx_word' id='word_1_89' title='bbox 986 1279 1223 1314; x_wconf 80' lang='lat' dir='ltr'>interioribus</span> <span class='ocrx_word' id='word_1_90' title='bbox 1251 1278 1287 1312; x_wconf 88' lang='lat' dir='ltr'>in</span> <span class='ocrx_word' id='word_1_91' title='bbox 1313 1277 1430 1312; x_wconf 86' lang='lat' dir='ltr'>fundo</span> <span class='ocrx_word' id='word_1_92' title='bbox 1449 1278 1591 1313; x_wconf 78' lang='lat' dir='ltr'>fissurae</span> <span class='ocrx_word' id='word_1_93' title='bbox 1615 1278 1793 1324; x_wconf 86' lang='lat' dir='ltr'>utrinque</span> <span class='ocrx_word' id='word_1_94' title='bbox 1819 1277 1963 1317; x_wconf 76' lang='lat' dir='ltr'>unieae;</span> 
     </span>
     <span class='ocr_line' id='line_1_15' title="bbox 524 1343 1966 1392; baseline -0.003 -11"><span class='ocrx_word' id='word_1_95' title='bbox 524 1346 698 1392; x_wconf 85' lang='lat' dir='ltr'>operculo</span> <span class='ocrx_word' id='word_1_96' title='bbox 732 1352 877 1380; x_wconf 84' lang='lat' dir='ltr'>tantum</span> <span class='ocrx_word' id='word_1_97' title='bbox 907 1345 1094 1385; x_wconf 80' lang='lat' dir='ltr'>abortivo,</span> <span class='ocrx_word' id='word_1_98' title='bbox 1131 1345 1199 1379; x_wconf 87' lang='lat' dir='ltr'>sub</span> <span class='ocrx_word' id='word_1_99' title='bbox 1232 1349 1319 1378; x_wconf 85' lang='lat' dir='ltr'>cute</span> <span class='ocrx_word' id='word_1_100' title='bbox 1348 1343 1508 1379; x_wconf 88' lang='lat' dir='ltr'>latente:</span> <span class='ocrx_word' id='word_1_101' title='bbox 1537 1343 1690 1379; x_wconf 80' lang='lat' dir='ltr'>maxilla</span> <span class='ocrx_word' id='word_1_102' title='bbox 1722 1355 1808 1378; x_wconf 86' lang='lat' dir='ltr'>cum</span> <span class='ocrx_word' id='word_1_103' title='bbox 1838 1343 1966 1378; x_wconf 81' lang='lat' dir='ltr'>cranio</span> 
     </span>
     <span class='ocr_line' id='line_1_16' title="bbox 524 1418 696 1446; baseline 0 0"><span class='ocrx_word' id='word_1_104' title='bbox 524 1418 696 1446; x_wconf 85' lang='lat' dir='ltr'>connata.</span> 
     </span>
    </p>
   </div>
   <div class='ocr_carea' id='block_1_8' title="bbox 762 1490 1529 1527">
    <p class='ocr_par' dir='ltr' id='par_1_9' title="bbox 762 1490 1529 1527">
     <span class='ocr_line' id='line_1_17' title="bbox 762 1490 1529 1527; baseline -0.004 0"><span class='ocrx_word' id='word_1_105' title='bbox 762 1493 969 1527; x_wconf 62' lang='lat' dir='ltr'>»Subolassis</span> <span class='ocrx_word' id='word_1_106' title='bbox 989 1497 1021 1527; x_wconf 82' lang='lat'>2.</span> <span class='ocrx_word' id='word_1_107' title='bbox 1071 1490 1529 1527; x_wconf 87' lang='lat' dir='ltr'>LOPHOBRANCHII.</span> 
     </span>
    </p>
   </div>
   <div class='ocr_carea' id='block_1_9' title="bbox 326 1571 1966 1718">
    <p class='ocr_par' dir='ltr' id='par_1_10' title="bbox 326 1571 1966 1718">
     <span class='ocr_line' id='line_1_18' title="bbox 370 1571 1966 1615; baseline -0.003 -10"><span class='ocrx_word' id='word_1_108' title='bbox 370 1575 537 1606; x_wconf 81' lang='lat' dir='ltr'>Branchiae</span> <span class='ocrx_word' id='word_1_109' title='bbox 559 1575 676 1612; x_wconf 74' lang='lat' dir='ltr'>liberae,</span> <span class='ocrx_word' id='word_1_110' title='bbox 701 1574 926 1615; x_wconf 77' lang='lat' dir='ltr'>palmiformes,</span> <span class='ocrx_word' id='word_1_111' title='bbox 950 1573 1037 1603; x_wconf 88' lang='lat' dir='ltr'>radio</span> <span class='ocrx_word' id='word_1_112' title='bbox 1053 1572 1193 1603; x_wconf 73' lang='lat' dir='ltr'>verticuli</span> <span class='ocrx_word' id='word_1_113' title='bbox 1210 1583 1274 1602; x_wconf 86' lang='lat' dir='ltr'>uno</span> <span class='ocrx_word' id='word_1_114' title='bbox 1293 1572 1432 1613; x_wconf 80' lang='lat' dir='ltr'>palmato</span> <span class='ocrx_word' id='word_1_115' title='bbox 1450 1572 1482 1601; x_wconf 93' lang='lat' dir='ltr'>in</span> <span class='ocrx_word' id='word_1_116' title='bbox 1499 1571 1633 1612; x_wconf 81' lang='lat' dir='ltr'>singulis</span> <span class='ocrx_word' id='word_1_117' title='bbox 1655 1571 1810 1602; x_wconf 76' lang='lat' dir='ltr'>arcubus:</span> <span class='ocrx_word' id='word_1_118' title='bbox 1835 1581 1966 1611; x_wconf 83' lang='lat' dir='ltr'>opercu-</span> 
     </span>
     <span class='ocr_line' id='line_1_19' title="bbox 327 1626 1966 1670; baseline -0.004 -9"><span class='ocrx_word' id='word_1_119' title='bbox 327 1633 393 1662; x_wconf 88' lang='lat' dir='ltr'>lum</span> <span class='ocrx_word' id='word_1_120' title='bbox 410 1631 540 1661; x_wconf 88' lang='lat' dir='ltr'>unicum</span> <span class='ocrx_word' id='word_1_121' title='bbox 557 1641 710 1670; x_wconf 74' lang='lat' dir='ltr'>magnum</span> <span class='ocrx_word' id='word_1_122' title='bbox 728 1629 912 1659; x_wconf 83' lang='lat' dir='ltr'>membrana</span> <span class='ocrx_word' id='word_1_123' title='bbox 930 1629 1070 1669; x_wconf 85' lang='lat' dir='ltr'>undique</span> <span class='ocrx_word' id='word_1_124' title='bbox 1087 1628 1279 1664; x_wconf 76' lang='lat' dir='ltr'>obseratum,</span> <span class='ocrx_word' id='word_1_125' title='bbox 1300 1638 1397 1667; x_wconf 85' lang='lat' dir='ltr'>parvo</span> <span class='ocrx_word' id='word_1_126' title='bbox 1413 1631 1539 1657; x_wconf 80' lang='lat' dir='ltr'>tantum</span> <span class='ocrx_word' id='word_1_127' title='bbox 1551 1626 1645 1668; x_wconf 85' lang='lat' dir='ltr'>juxta</span> <span class='ocrx_word' id='word_1_128' title='bbox 1661 1626 1798 1656; x_wconf 87' lang='lat' dir='ltr'>nucham</span> <span class='ocrx_word' id='word_1_129' title='bbox 1815 1626 1966 1656; x_wconf 84' lang='lat' dir='ltr'>foramine</span> 
     </span>
     <span class='ocr_line' id='line_1_20' title="bbox 326 1686 826 1718; baseline -0.006 0"><span class='ocrx_word' id='word_1_130' title='bbox 326 1688 451 1718; x_wconf 86' lang='lat' dir='ltr'>relicto:</span> <span class='ocrx_word' id='word_1_131' title='bbox 476 1686 617 1716; x_wconf 86' lang='lat' dir='ltr'>cranium</span> <span class='ocrx_word' id='word_1_132' title='bbox 635 1690 826 1715; x_wconf 81' lang='lat' dir='ltr'>suturatum.</span> 
     </span>
    </p>
   </div>
   <div class='ocr_carea' id='block_1_10' title="bbox 371 1758 1421 1882">
    <p class='ocr_par' dir='ltr' id='par_1_11' title="bbox 371 1758 1421 1882">
     <span class='ocr_line' id='line_1_21' title="bbox 870 1758 1421 1794; baseline -0.002 0"><span class='ocrx_word' id='word_1_133' title='bbox 870 1760 993 1794; x_wconf 55' lang='lat' dir='ltr'>§ectio</span> <span class='ocrx_word' id='word_1_134' title='bbox 1013 1764 1047 1794; x_wconf 75' lang='lat'>⁶2.</span> <span class='ocrx_word' id='word_1_135' title='bbox 1100 1758 1421 1794; x_wconf 80' lang='lat' dir='ltr'>SYNGNATHI.</span> 
     </span>
     <span class='ocr_line' id='line_1_22' title="bbox 371 1840 1295 1882; baseline -0.004 -8"><span class='ocrx_word' id='word_1_136' title='bbox 371 1845 528 1875; x_wconf 80' lang='lat' dir='ltr'>Sceletum</span> <span class='ocrx_word' id='word_1_137' title='bbox 545 1844 824 1874; x_wconf 78' lang='lat' dir='ltr'>fibroso-osseum:</span> <span class='ocrx_word' id='word_1_138' title='bbox 850 1841 985 1871; x_wconf 68' lang='lat' dir='ltr'>maxillse</span> <span class='ocrx_word' id='word_1_139' title='bbox 1002 1841 1161 1882; x_wconf 71' lang='lat' dir='ltr'>perfec-tm,</span> <span class='ocrx_word' id='word_1_140' title='bbox 1178 1840 1295 1870; x_wconf 79' lang='lat' dir='ltr'>liberae.</span> 
     </span>
    </p>
   </div>
   <div class='ocr_carea' id='block_1_11' title="bbox 328 1915 1633 1964">
    <p class='ocr_par' dir='ltr' id='par_1_12' title="bbox 328 1915 1633 1964">
     <span class='ocr_line' id='line_1_23' title="bbox 328 1915 1633 1964; baseline -0.003 -11"><span class='ocrx_word' id='word_1_141' title='bbox 328 1927 359 1955; x_wconf 63' lang='lat'>23.</span> <span class='ocrx_word' id='word_1_142' title='bbox 389 1921 650 1955; x_wconf 65' lang='lat' dir='ltr'>OSTEODERML</span> <span class='ocrx_word' id='word_1_143' title='bbox 681 1917 960 1964; x_wconf 68' lang='lat' dir='ltr'>(IIeternpteri.)</span> <span class='ocrx_word' id='word_1_144' title='bbox 1000 1917 1145 1963; x_wconf 85' lang='lat' dir='ltr'>Corpus</span> <span class='ocrx_word' id='word_1_145' title='bbox 1166 1916 1378 1958; x_wconf 70' lang='lat' dir='ltr'>loricatum,</span> <span class='ocrx_word' id='word_1_146' title='bbox 1398 1915 1633 1961; x_wconf 79' lang='lat' dir='ltr'>angulosum.</span> 
     </span>
    </p>
   </div>
   <div class='ocr_carea' id='block_1_12' title="bbox 331 2045 1969 2538">
    <p class='ocr_par' dir='ltr' id='par_1_13' title="bbox 331 2045 1969 2538">
     <span class='ocr_line' id='line_1_24' title="bbox 373 2045 1967 2080; baseline -0.003 -3"><span class='ocrx_word' id='word_1_147' title='bbox 373 2052 386 2066; x_wconf 55' lang='lat' dir='ltr'>ss</span> <span class='ocrx_word' id='word_1_148' title='bbox 411 2051 472 2077; x_wconf 79' lang='lat' dir='ltr'>Etsi</span> <span class='ocrx_word' id='word_1_149' title='bbox 488 2049 675 2076; x_wconf 76' lang='lat' dir='ltr'>ordinatorias</span> <span class='ocrx_word' id='word_1_150' title='bbox 691 2058 767 2075; x_wconf 85' lang='lat' dir='ltr'>meas</span> <span class='ocrx_word' id='word_1_151' title='bbox 782 2048 865 2075; x_wconf 84' lang='lat' dir='ltr'>hasce</span> <span class='ocrx_word' id='word_1_152' title='bbox 881 2046 1161 2074; x_wconf 82' lang='lat' dir='ltr'>elucubratiunculas</span> <span class='ocrx_word' id='word_1_153' title='bbox 1176 2055 1232 2072; x_wconf 89' lang='lat' dir='ltr'>non</span> <span class='ocrx_word' id='word_1_154' title='bbox 1248 2045 1411 2080; x_wconf 74' lang='lat' dir='ltr'>despiciam,</span> <span class='ocrx_word' id='word_1_155' title='bbox 1434 2045 1463 2071; x_wconf 87' lang='lat' dir='ltr'>in</span> <span class='ocrx_word' id='word_1_156' title='bbox 1479 2045 1581 2080; x_wconf 86' lang='lat' dir='ltr'>quibus</span> <span class='ocrx_word' id='word_1_157' title='bbox 1596 2045 1755 2072; x_wconf 78' lang='lat' dir='ltr'>naturalem</span> <span class='ocrx_word' id='word_1_158' title='bbox 1774 2045 1967 2073; x_wconf 68' lang='lat' dir='ltr'>universorum</span> 
     </span>
     <span class='ocr_line' id='line_1_25' title="bbox 331 2095 1966 2135; baseline -0.003 -6"><span class='ocrx_word' id='word_1_159' title='bbox 331 2103 451 2129; x_wconf 68' lang='lat' dir='ltr'>Piscium</span> <span class='ocrx_word' id='word_1_160' title='bbox 464 2101 639 2128; x_wconf 79' lang='lat' dir='ltr'>harmoniam</span> <span class='ocrx_word' id='word_1_161' title='bbox 655 2100 745 2135; x_wconf 82' lang='lat' dir='ltr'>magis</span> <span class='ocrx_word' id='word_1_162' title='bbox 759 2100 922 2126; x_wconf 76' lang='lat' dir='ltr'>studueram</span> <span class='ocrx_word' id='word_1_163' title='bbox 938 2097 1104 2128; x_wconf 71' lang='lat' dir='ltr'>consectari,</span> <span class='ocrx_word' id='word_1_164' title='bbox 1126 2097 1294 2131; x_wconf 75' lang='lat' dir='ltr'>fallacesque</span> <span class='ocrx_word' id='word_1_165' title='bbox 1310 2096 1375 2122; x_wconf 87' lang='lat' dir='ltr'>inde</span> <span class='ocrx_word' id='word_1_166' title='bbox 1390 2096 1434 2122; x_wconf 80' lang='lat' dir='ltr'>vel</span> <span class='ocrx_word' id='word_1_167' title='bbox 1449 2106 1465 2123; x_wconf 89' lang='lat' dir='ltr'>a</span> <span class='ocrx_word' id='word_1_168' title='bbox 1481 2095 1579 2122; x_wconf 86' lang='lat' dir='ltr'>sceleti</span> <span class='ocrx_word' id='word_1_169' title='bbox 1594 2096 1761 2132; x_wconf 79' lang='lat' dir='ltr'>compagine</span> <span class='ocrx_word' id='word_1_170' title='bbox 1777 2097 1819 2123; x_wconf 89' lang='lat' dir='ltr'>vel</span> <span class='ocrx_word' id='word_1_171' title='bbox 1837 2106 1850 2123; x_wconf 84' lang='lat' dir='ltr'>a</span> <span class='ocrx_word' id='word_1_172' title='bbox 1867 2097 1966 2132; x_wconf 86' lang='lat' dir='ltr'>pinna-</span> 
     </span>
     <span class='ocr_line' id='line_1_26' title="bbox 332 2147 1967 2185; baseline -0.004 -6"><span class='ocrx_word' id='word_1_173' title='bbox 332 2163 394 2180; x_wconf 80' lang='lat' dir='ltr'>rum</span> <span class='ocrx_word' id='word_1_174' title='bbox 416 2152 557 2179; x_wconf 87' lang='lat' dir='ltr'>radiorum</span> <span class='ocrx_word' id='word_1_175' title='bbox 574 2151 631 2177; x_wconf 77' lang='lat' dir='ltr'>sive</span> <span class='ocrx_word' id='word_1_176' title='bbox 652 2150 729 2177; x_wconf 88' lang='lat' dir='ltr'>molli</span> <span class='ocrx_word' id='word_1_177' title='bbox 745 2150 802 2176; x_wconf 70' lang='lat' dir='ltr'>sive</span> <span class='ocrx_word' id='word_1_178' title='bbox 820 2150 911 2185; x_wconf 77' lang='lat' dir='ltr'>rigida</span> <span class='ocrx_word' id='word_1_179' title='bbox 926 2149 1072 2184; x_wconf 80' lang='lat' dir='ltr'>qualitate,</span> <span class='ocrx_word' id='word_1_180' title='bbox 1097 2148 1140 2175; x_wconf 84' lang='lat' dir='ltr'>vel</span> <span class='ocrx_word' id='word_1_181' title='bbox 1161 2157 1177 2174; x_wconf 84' lang='lat' dir='ltr'>a</span> <span class='ocrx_word' id='word_1_182' title='bbox 1191 2157 1372 2183; x_wconf 87' lang='lat' dir='ltr'>squamarum</span> <span class='ocrx_word' id='word_1_183' title='bbox 1394 2150 1538 2173; x_wconf 81' lang='lat' dir='ltr'>structura</span> <span class='ocrx_word' id='word_1_184' title='bbox 1555 2147 1701 2182; x_wconf 62' lang='lat' dir='ltr'>primarias</span> <span class='ocrx_word' id='word_1_185' title='bbox 1717 2147 1897 2174; x_wconf 70' lang='lat' dir='ltr'>definitiones·</span> <span class='ocrx_word' id='word_1_186' title='bbox 1920 2148 1967 2174; x_wconf 81' lang='lat' dir='ltr'>de-</span> 
     </span>
     <span class='ocr_line' id='line_1_27' title="bbox 331 2197 1967 2239; baseline -0.002 -10"><span class='ocrx_word' id='word_1_187' title='bbox 331 2208 458 2239; x_wconf 67' lang='lat' dir='ltr'>sumptas</span> <span class='ocrx_word' id='word_1_188' title='bbox 477 2202 567 2238; x_wconf 80' lang='lat' dir='ltr'>magis</span> <span class='ocrx_word' id='word_1_189' title='bbox 583 2202 729 2237; x_wconf 79' lang='lat' dir='ltr'>magisque</span> <span class='ocrx_word' id='word_1_190' title='bbox 745 2201 914 2227; x_wconf 77' lang='lat' dir='ltr'>horruissem</span> <span class='ocrx_word' id='word_1_191' title='bbox 927 2212 932 2230; x_wconf 85' lang='grc'><strong>;</strong></span> <span class='ocrx_word' id='word_1_192' title='bbox 956 2209 1013 2226; x_wconf 86' lang='lat' dir='ltr'>non</span> <span class='ocrx_word' id='word_1_193' title='bbox 1028 2200 1091 2226; x_wconf 84' lang='lat' dir='ltr'>ideo</span> <span class='ocrx_word' id='word_1_194' title='bbox 1106 2203 1201 2226; x_wconf 82' lang='lat' dir='ltr'>tamen</span> <span class='ocrx_word' id='word_1_195' title='bbox 1217 2198 1320 2234; x_wconf 84' lang='lat' dir='ltr'>ubique</span> <span class='ocrx_word' id='word_1_196' title='bbox 1336 2198 1411 2234; x_wconf 88' lang='lat' dir='ltr'>quod</span> <span class='ocrx_word' id='word_1_197' title='bbox 1426 2197 1549 2233; x_wconf 82' lang='lat' dir='ltr'>penitius</span> <span class='ocrx_word' id='word_1_198' title='bbox 1565 2201 1726 2233; x_wconf 84' lang='lat' dir='ltr'>optaveram</span> <span class='ocrx_word' id='word_1_199' title='bbox 1742 2198 1872 2234; x_wconf 72' lang='lat' dir='ltr'>attigisse</span> <span class='ocrx_word' id='word_1_200' title='bbox 1888 2204 1967 2234; x_wconf 74' lang='lat' dir='ltr'>puto,</span> 
     </span>
     <span class='ocr_line' id='line_1_28' title="bbox 331 2249 1966 2289; baseline -0.004 -7"><span class='ocrx_word' id='word_1_201' title='bbox 331 2255 534 2289; x_wconf 80' lang='lat' dir='ltr'>rationemque,</span> <span class='ocrx_word' id='word_1_202' title='bbox 551 2263 607 2280; x_wconf 88' lang='lat' dir='ltr'>uon</span> <span class='ocrx_word' id='word_1_203' title='bbox 623 2253 718 2288; x_wconf 85' lang='lat' dir='ltr'>inepte</span> <span class='ocrx_word' id='word_1_204' title='bbox 734 2252 862 2282; x_wconf 76' lang='lat' dir='ltr'>fortasse,</span> <span class='ocrx_word' id='word_1_205' title='bbox 882 2255 979 2286; x_wconf 81' lang='lat' dir='ltr'>repeto</span> <span class='ocrx_word' id='word_1_206' title='bbox 995 2261 1010 2278; x_wconf 89' lang='lat' dir='ltr'>a</span> <span class='ocrx_word' id='word_1_207' title='bbox 1024 2251 1182 2277; x_wconf 80' lang='lat' dir='ltr'>reverentia</span> <span class='ocrx_word' id='word_1_208' title='bbox 1196 2259 1259 2276; x_wconf 86' lang='lat' dir='ltr'>mea</span> <span class='ocrx_word' id='word_1_209' title='bbox 1274 2249 1361 2277; x_wconf 79' lang='lat' dir='ltr'>veteri</span> <span class='ocrx_word' id='word_1_210' title='bbox 1377 2258 1444 2285; x_wconf 83' lang='lat' dir='ltr'>erga</span> <span class='ocrx_word' id='word_1_211' title='bbox 1459 2249 1629 2276; x_wconf 84' lang='lat' dir='ltr'>clarissimos</span> <span class='ocrx_word' id='word_1_212' title='bbox 1645 2249 1672 2275; x_wconf 90' lang='lat' dir='ltr'>in</span> <span class='ocrx_word' id='word_1_213' title='bbox 1688 2249 1868 2285; x_wconf 80' lang='lat' dir='ltr'>philosophia</span> <span class='ocrx_word' id='word_1_214' title='bbox 1884 2255 1966 2277; x_wconf 82' lang='lat' dir='ltr'>natu-</span> 
     </span>
     <span class='ocr_line' id='line_1_29' title="bbox 332 2300 1969 2340; baseline -0.003 -8"><span class='ocrx_word' id='word_1_215' title='bbox 332 2306 380 2333; x_wconf 73' lang='lat' dir='ltr'>rali</span> <span class='ocrx_word' id='word_1_216' title='bbox 401 2306 482 2335; x_wconf 71' lang='lat' dir='ltr'>viros,</span> <span class='ocrx_word' id='word_1_217' title='bbox 507 2305 580 2331; x_wconf 85' lang='lat' dir='ltr'>inter</span> <span class='ocrx_word' id='word_1_218' title='bbox 599 2313 668 2340; x_wconf 69' lang='lat' dir='ltr'>quos</span> <span class='ocrx_word' id='word_1_219' title='bbox 688 2303 912 2339; x_wconf 80' lang='lat' dir='ltr'>principaliorem</span> <span class='ocrx_word' id='word_1_220' title='bbox 931 2302 1092 2328; x_wconf 85' lang='lat' dir='ltr'>cathedram</span> <span class='ocrx_word' id='word_1_221' title='bbox 1115 2301 1167 2328; x_wconf 85' lang='lat' dir='ltr'>sibi</span> <span class='ocrx_word' id='word_1_222' title='bbox 1187 2301 1287 2328; x_wconf 88' lang='lat' dir='ltr'>merito</span> <span class='ocrx_word' id='word_1_223' title='bbox 1307 2300 1452 2336; x_wconf 76' lang='lat' dir='ltr'>praeripuit</span> <span class='ocrx_word' id='word_1_224' title='bbox 1474 2300 1621 2330; x_wconf 66' lang='lat' dir='ltr'>(tux-ierus,</span> <span class='ocrx_word' id='word_1_225' title='bbox 1643 2309 1725 2336; x_wconf 88' lang='lat' dir='ltr'>quem</span> <span class='ocrx_word' id='word_1_226' title='bbox 1747 2301 1861 2327; x_wconf 73' lang='lat' dir='ltr'>honoris</span> <span class='ocrx_word' id='word_1_227' title='bbox 1884 2310 1969 2327; x_wconf 81' lang='lat' dir='ltr'>causa</span> 
     </span>
     <span class='ocr_line' id='line_1_30' title="bbox 331 2352 1967 2388; baseline -0.002 -5"><span class='ocrx_word' id='word_1_228' title='bbox 331 2357 455 2384; x_wconf 81' lang='lat' dir='ltr'>nomino.</span> <span class='ocrx_word' id='word_1_229' title='bbox 490 2356 531 2382; x_wconf 84' lang='lat' dir='ltr'>Re</span> <span class='ocrx_word' id='word_1_230' title='bbox 547 2360 642 2382; x_wconf 85' lang='lat' dir='ltr'>tamen</span> <span class='ocrx_word' id='word_1_231' title='bbox 658 2364 731 2384; x_wconf 81' lang='lat' dir='ltr'>vcra,</span> <span class='ocrx_word' id='word_1_232' title='bbox 743 2363 777 2380; x_wconf 87' lang='lat' dir='ltr'>ne</span> <span class='ocrx_word' id='word_1_233' title='bbox 793 2353 940 2380; x_wconf 69' lang='lat' dir='ltr'>sensibiles</span> <span class='ocrx_word' id='word_1_234' title='bbox 956 2356 1064 2380; x_wconf 81' lang='lat' dir='ltr'>naturae</span> <span class='ocrx_word' id='word_1_235' title='bbox 1080 2353 1233 2380; x_wconf 83' lang='lat' dir='ltr'>affinitates</span> <span class='ocrx_word' id='word_1_236' title='bbox 1249 2353 1494 2383; x_wconf 83' lang='lat' dir='ltr'>intercidereutur,</span> <span class='ocrx_word' id='word_1_237' title='bbox 1510 2352 1654 2382; x_wconf 72' lang='lat' dir='ltr'>Labrizles,</span> <span class='ocrx_word' id='word_1_238' title='bbox 1667 2352 1827 2388; x_wconf 59' lang='lat' dir='ltr'>Blzzyilides.</span> <span class='ocrx_word' id='word_1_239' title='bbox 1841 2353 1967 2388; x_wconf 75' lang='lat' dir='ltr'>aliosque</span> 
     </span>
     <span class='ocr_line' id='line_1_31' title="bbox 332 2403 1967 2443; baseline -0.004 -9"><span class='ocrx_word' id='word_1_240' title='bbox 332 2407 604 2443; x_wconf 55' lang='lat' dir='ltr'>:lcumlzoplffl-yyios,</span> <span class='ocrx_word' id='word_1_241' title='bbox 629 2405 755 2442; x_wconf 76' lang='lat' dir='ltr'>Cypriuis</span> <span class='ocrx_word' id='word_1_242' title='bbox 778 2404 881 2435; x_wconf 85' lang='lat' dir='ltr'>addidi,</span> <span class='ocrx_word' id='word_1_243' title='bbox 907 2403 1055 2440; x_wconf 72' lang='lat' dir='ltr'>Ophidides</span> <span class='ocrx_word' id='word_1_244' title='bbox 1077 2408 1106 2431; x_wconf 85' lang='lat' dir='ltr'>et</span> <span class='ocrx_word' id='word_1_245' title='bbox 1127 2403 1294 2430; x_wconf 71' lang='lat' dir='ltr'>Muraenicles</span> <span class='ocrx_word' id='word_1_246' title='bbox 1312 2413 1328 2430; x_wconf 91' lang='lat' dir='ltr'>a</span> <span class='ocrx_word' id='word_1_247' title='bbox 1349 2403 1488 2430; x_wconf 68' lang='lat' dir='ltr'>scombris</span> <span class='ocrx_word' id='word_1_248' title='bbox 1508 2403 1670 2430; x_wconf 81' lang='lat' dir='ltr'>derivando.</span> <span class='ocrx_word' id='word_1_249' title='bbox 1714 2404 1756 2430; x_wconf 89' lang='lat' dir='ltr'>Ab</span> <span class='ocrx_word' id='word_1_250' title='bbox 1775 2404 1967 2439; x_wconf 67' lang='lat' dir='ltr'>Agassizianis</span> 
     </span>
     <span class='ocr_line' id='line_1_32' title="bbox 331 2455 1965 2495; baseline -0.002 -9"><span class='ocrx_word' id='word_1_251' title='bbox 331 2461 461 2495; x_wconf 80' lang='lat' dir='ltr'>denique,</span> <span class='ocrx_word' id='word_1_252' title='bbox 483 2458 713 2493; x_wconf 83' lang='lat' dir='ltr'>Cuvierianisque</span> <span class='ocrx_word' id='word_1_253' title='bbox 729 2456 948 2487; x_wconf 82' lang='lat' dir='ltr'>characteribus,</span> <span class='ocrx_word' id='word_1_254' title='bbox 964 2465 1034 2492; x_wconf 89' lang='lat' dir='ltr'>quos</span> <span class='ocrx_word' id='word_1_255' title='bbox 1049 2456 1108 2492; x_wconf 85' lang='lat' dir='ltr'>ipse</span> <span class='ocrx_word' id='word_1_256' title='bbox 1125 2455 1254 2483; x_wconf 83' lang='lat' dir='ltr'>conserui</span> <span class='ocrx_word' id='word_1_257' title='bbox 1269 2455 1470 2483; x_wconf 78' lang='lat' dir='ltr'>discedendum</span> <span class='ocrx_word' id='word_1_258' title='bbox 1486 2455 1576 2491; x_wconf 82' lang='lat' dir='ltr'>magis</span> <span class='ocrx_word' id='word_1_259' title='bbox 1592 2455 1664 2482; x_wconf 83' lang='lat' dir='ltr'>forte</span> <span class='ocrx_word' id='word_1_260' title='bbox 1680 2455 1731 2482; x_wconf 89' lang='lat' dir='ltr'>erit</span> <span class='ocrx_word' id='word_1_261' title='bbox 1749 2460 1888 2491; x_wconf 80' lang='lat' dir='ltr'>quatenus</span> <span class='ocrx_word' id='word_1_262' title='bbox 1907 2455 1965 2482; x_wconf 71' lang='lat' dir='ltr'>Pis-</span> 
     </span>
     <span class='ocr_line' id='line_1_33' title="bbox 332 2507 963 2538; baseline -0.006 0"><span class='ocrx_word' id='word_1_263' title='bbox 332 2512 406 2538; x_wconf 75' lang='lat' dir='ltr'>cium</span> <span class='ocrx_word' id='word_1_264' title='bbox 421 2511 532 2538; x_wconf 87' lang='lat' dir='ltr'>ordines</span> <span class='ocrx_word' id='word_1_265' title='bbox 548 2508 669 2537; x_wconf 76' lang='lat' dir='ltr'>describi</span> <span class='ocrx_word' id='word_1_266' title='bbox 685 2508 852 2536; x_wconf 81' lang='lat' dir='ltr'>naturaliter</span> <span class='ocrx_word' id='word_1_267' title='bbox 866 2507 963 2535; x_wconf 84' lang='lat' dir='ltr'>velint.</span> 
     </span>
    </p>
   </div>
  </div>
 </body>
</html>
