2293 3166
571 247 840 293 Relationslzips
858 246 1019 293 eiristt’ng
1037 252 1201 294 amongst
1220 247 1389 282 [Vatural
1409 230 1565 296 Olgjects.
1812 254 1883 288 415

253 347 397 382 Thalam
416 352 659 388 transversus,
679 344 801 380 antice
816 345 1022 391 angustior,
1042 343 1184 390 postice
1200 345 1403 391 elytrorum
1422 348 1548 382 baseos
1570 348 1777 392 latitudine,
1797 351 1879 385 sinu

344 412 421 446 lato
445 410 571 446 antico
599 422 665 456 pro
694 410 905 457 receptione
935 410 1079 457 capitis,
1108 410 1275 456 margine
1301 411 1444 457 postico
1473 411 1546 446 fere
1575 412 1673 448 recte
1704 420 1877 450 truncato

343 476 492 523 angulis
526 476 661 511 anticis
698 475 833 519 acutis,
869 475 1022 522 posticis
1056 475 1363 516 subrotundatis3
1401 477 1629 523 marginibus
1666 478 1880 515 lateralibus

344 541 567 584 rotundatis,
591 540 808 576 tenuissime
829 541 1069 587 marginatis:
1099 546 1335 587 prosternum
1356 541 1454 576 inter
1473 542 1584 588 pedes
1604 543 1748 577 anticos
1773 544 1881 579 acute

342 613 581 653 protensum:
611 612 878 642 metasternum
892 607 1013 641 breve.
1045 605 1244 640 Scatellum
1263 618 1433 652 parvum,
1447 608 1761 653 subtriangulare.
1794 609 1881 655 Ely-

343 678 402 707 ἵνα
429 672 880 719 oblongo-sul›quadrata‚
908 672 1094 718 depressa,
1123 670 1265 718 postice
1290 671 1414 718 paullo
1438 673 1669 719 angustiora,
1697 674 1778 708 basi
1798 675 1878 708 tho-

342 738 438 773 racis
466 737 580 784 partis
610 737 764 783 posticae
795 736 1006 779 latitudine,
1039 743 1075 772 et
1102 737 1150 771 ad
1181 748 1266 772 eum
1297 737 1401 772 arcte
1430 738 1628 785 applicata,
1661 739 1877 774 tenuissimi·

341 803 561 849 marginata,
593 803 761 849 apicibus
781 801 931 848 oblique
950 802 1215 845 subtruncatis,
1239 803 1450 838 abdominis
1469 804 1612 849 apicem
1632 804 1732 839 haud
1752 810 1879 851 tegen-

339 869 452 903 tibus.
506 868 621 903 Pedes
653 869 794 911 breves,
823 868 1025 903 femoribus
1046 868 1203 914 magnis,
1227 869 1357 910 ovatis‚
1386 870 1621 916 coinp1·essiS‚
1646 868 1775 905 subtus
1797 873 1879 918 (pro

339 934 550 980 receptione
587 933 780 978 tibiarum)
815 934 1006 977 carinatis,
1048 934 1149 968 tibiis
1184 934 1401 980 gracilibus,
1438 935 1572 970 anticis
1603 935 1702 970 intus
1734 936 1877 982 apicem

339 1011 469 1035 versus
492 999 743 1046 emarginatis,
772 1000 882 1035 tarsis
909 1000 1151 1043 subsetaceis,
1175 1000 1342 1035 articulis
1362 1000 1608 1046 simplicibus,
1636 1001 1769 1037 anticis
1794 1003 1878 1037 sub-

341 1064 400 1101 ths
422 1066 477 1109 (in
501 1077 577 1100 uno
602 1077 691 1100 sexu
711 1064 860 1109 saltem)
881 1065 974 1100 serie
993 1065 1132 1111 duplici
1160 1065 1398 1111 pulvillorum
1420 1066 1781 1106 minutissimorum3
1813 1080 1879 1102 un-

339 1132 476 1177 guibus
495 1131 653 1166 duobus.

713 1221 818 1267 Spec.
838 1225 866 1255 1.
895 1221 1219 1256 SPHALLOMORPHA
1240 1232 1454 1256 DEcu‘fflNs.

239 1303 371 1350 Nigra,
390 1303 506 1346 laevis,
526 1302 739 1343 subnitida3
765 1315 839 1347 ore,
858 1304 1031 1339 antennis
1051 1304 1547 1350 pedibusqueluteo-piceis,
1563 1305 1725 1342 thoracis
1744 1307 1877 1353 elytro-

339 1380 496 1415 rumque
514 1369 629 1403 limbo
649 1368 888 1403 tenui-luteo.

238 1433 358 1480 Long.
379 1445 479 1480 corp.
498 1439 519 1469 4
540 1434 603 1468 lin.

238 1499 398 1534 Habitat
416 1499 454 1534 in
472 1498 585 1535 Nova
604 1499 823 1534 Hollandia.

238 1565 282 1600 In
301 1565 400 1600 Mus.
421 1571 536 1600 nostr.

238 1650 323 1686 Hoc
349 1662 467 1697 genus
489 1662 512 1686 a
538 1650 835 1697 Pseudomorplzcl
861 1650 984 1686 differt
1010 1651 1141 1687 habitu
1165 1652 1288 1687 latiori
1308 1658 1345 1688 et
1371 1654 1488 1701 magis
1509 1655 1696 1701 depresso,
1721 1662 1757 1691 et
1782 1669 1874 1703 prze-

337 1716 462 1751 sertim
481 1716 672 1751 structura
684 1715 822 1762 juguli,
844 1717 961 1751 menti
979 1722 1015 1751 et
1034 1717 1230 1763 palporum
1250 1719 1453 1763 labialium,
1476 1726 1590 1766 atque
1609 1722 1655 1756 ab
1677 1721 1874 1769 Aclelolopv

337 1782 509 1818 antennis
528 1782 773 1824 filiformibus,
795 1787 922 1817 mento
941 1788 978 1817 et
997 1782 1127 1829 palpis.

286 1877 301 1911 I
321 1888 382 1911 am
401 1876 543 1911 further
561 1875 718 1910 enabled
738 1876 786 1922 by
803 1876 864 1910 the
882 1875 1063 1911 kinclness
1084 1877 1127 1912 of
1141 1878 1203 1912 the
1224 1878 1314 1913 Rev.
1336 1878 1374 1913 F.
1391 1879 1451 1914 W.
1474 1879 1585 1926 Hope
1605 1887 1642 1916 to
1661 1882 1733 1917 add
1753 1889 1790 1918 to
1810 1885 1870 1919 the

236 1943 389 1978 interest
408 1942 450 1976 of
464 1941 537 1976 this
557 1940 878 1976 communication
899 1941 945 1988 by
965 1942 1028 1976 the
1048 1942 1305 1979 introduction
1322 1945 1398 1979 ofa
1417 1945 1532 1991 figure
1550 1947 1625 1981 and
1645 1947 1871 1995 description

236 2009 277 2043 of
290 2008 447 2043 another
460 2006 555 2042 New
571 2006 741 2042 Holland
760 2006 890 2051 insect,
907 2007 1028 2042 which
1048 2008 1085 2043 in
1100 2020 1202 2044 some
1223 2016 1383 2056 respects
1402 2022 1556 2058 appears
1576 2018 1614 2048 to
1633 2014 1678 2048 be
1696 2014 1871 2052 interme-

234 2074 332 2109 diate
357 2074 524 2108 between
542 2072 838 2120 Pseadomotplza
856 2073 932 2108 and
952 2072 1270 2122 Sphallomorplza,
1297 2076 1372 2112 and
1391 2077 1434 2112 of
1456 2077 1575 2113 which
1597 2079 1659 2114 the
1679 2080 1870 2128 following

234 2151 294 2174 are
314 2140 375 2174 the
395 2138 620 2174 characters.

896 2223 1202 2259 SILPHOMORPHA.

236 2304 374 2350 Corpus
395 2303 744 2350 oblongo-ovatum,
760 2305 1072 2352 subdepressum3
1101 2306 1263 2342 thoracis
1285 2307 1565 2356 elytrorumque
1584 2310 1762 2348 lateribus
1782 2313 1866 2347 sub-

331 2370 533 2413 continuis,
552 2370 1011 2418 subreflexo-marginatis.

236 2434 366 2480 Caput,
391 2439 566 2478 antennae,
597 2436 828 2480 mandibulae,
855 2436 1026 2481 maxilloe,
1049 2444 1086 2473 et
1104 2438 1210 2485 palpi
1236 2439 1447 2475 maxillares
1471 2441 1546 2477 fere
1571 2447 1613 2477 ut
1638 2442 1675 2477 in
1702 2442 1866 2488 Sphallo-

332 2500 492 2546 morplza.
544 2501 706 2537 Labrum
730 2502 861 2547 latum,
888 2503 1008 2547 breve,
1037 2505 1207 2551 margine
1230 2505 1357 2541 antico
1383 2506 1420 2541 in
1447 2506 1569 2542 medio
1594 2506 1725 2553 parum
1749 2518 1866 2542 emar-

232 2576 311 2600 von.
330 2575 438 2600 xvm.
1027 2573 1047 2603 3
1068 2580 1081 2603 1
