2293 3166
560 266 776 312 Sys-fenalis(
796 266 1066 311 Arrzmgemefflt
1084 264 1130 309 (f
1145 265 1385 299 I'ertelnwted
1404 267 1579 301 Animals.
1821 267 1892 302 297

354 369 412 404 57.
443 362 625 397 Sciwnini.
655 362 832 396 Granium
854 368 1013 403 tumens,
1032 362 1180 396 ossibus
1197 362 1410 396 cavernosis
1430 363 1656 398 conflatum:
1683 364 1781 400 linea
1803 366 1889 400 late-

454 427 537 462 ralis
558 427 746 461 continua.

252 500 310 529 23.
339 494 546 528 TRIGLIDAE.
584 493 701 527 Genae
729 493 895 527 loricatae
924 493 1088 538 (laminae
1113 492 1362 527 suborbitales
1387 504 1520 537 genam
1550 494 1724 539 utrinque
1750 497 1883 540 partim

452 559 671 603 obtegentes
686 570 770 592 eum
788 558 1042 604 prseoperculo
1062 558 1278 602 connexae):
1304 557 1396 591 radii
1413 557 1553 603 spinosi
1571 558 1694 603 plures
1711 560 1747 593 in
1768 561 1888 605 pinnis

453 623 551 657 dorsi
572 631 605 657 et
626 623 737 665 anab,
758 624 794 657 in
814 623 1044 657 ventralibus
1067 623 1209 657 unicus.

350 694 408 723 58.
443 687 587 723 Cottimss
618 689 744 722 Pinnae
764 688 929 723 dorsales
948 688 1044 722 duo:
1074 694 1188 733 caput
1207 688 1264 722 vel
1286 688 1532 722 rotundatum
1552 688 1609 723 vel
1630 688 1856 734 depressum.

350 759 408 789 59.
438 753 674 799 ›S'e‹›rpcmzini.
704 753 822 787 Pinna
841 753 998 787 dorsalis
1019 753 1141 787 unica.

350 823 408 852 60.
442 818 610 865 Triglini.
639 818 766 852 Pinnae
787 817 950 851 dorsales
970 817 1065 852 duo:
1095 823 1207 863 caput
1227 818 1594 864 pa1·allelopipedum.

251 888 308 917 24.
338 884 541 918 MULLlDAE.
579 883 880 928 Praeopereulum
905 883 1072 928 margine
1098 883 1264 929 integro:
1293 895 1400 928 genae
1426 895 1501 917 non
1525 884 1713 918 loricatae:
1743 896 1783 919 os
1806 896 1886 931 par-

451 961 536 982 vum
554 949 729 982 dentibus
755 948 950 982 tenuibus:
978 948 1063 981 cirri
1084 948 1159 982 duo
1179 949 1247 982 sub
1267 948 1485 983 mandibula
1506 949 1729 983 retractiles:
1757 951 1886 996 eapitis

449 1019 485 1048 et
505 1013 627 1047 trunci
649 1024 817 1058 squamae
838 1013 937 1053 latae,
958 1013 1067 1048 facilc
1087 1013 1277 1047 deciduse:
1306 1013 1398 1047 radii
1418 1014 1558 1059 spinosi
1578 1014 1700 1059 plures
1717 1015 1753 1049 in
1773 1015 1886 1061 pinna

449 1079 587 1112 dorsali
606 1078 744 1120 antica,
764 1089 859 1112 unus
878 1078 1008 1112 saltem
1028 1079 1064 1112 in
1085 1078 1197 1119 anali.
1217 1084 1253 1113 et
1273 1078 1310 1113 in
1330 1084 1490 1124 utraque
1510 1079 1678 1113 ventrali.

350 1148 408 1178 61.
437 1143 601 1177 Mullini.
640 1144 768 1177 Pinnae
788 1143 951 1177 dol-sales
972 1143 1070 1177 binae
1090 1143 1289 1178 distinctae.

251 1214 308 1242 25.
340 1209 528 1242 Pmcmffi.
570 1208 738 1242 Laminae
767 1208 1001 1253 opercularcs
1030 1209 1197 1253 margine
1225 1207 1457 1242 denticulato
1484 1213 1549 1242 aut
1576 1208 1745 1253 spinoso:
1779 1222 1885 1255 geme

450 1285 522 1307 non
550 1273 738 1306 loricatse:
769 1273 899 1307 (lentes
926 1273 963 1307 in
987 1273 1158 1315 maxillis,
1187 1273 1224 1307 in
1244 1284 1393 1307 vomere
1416 1279 1452 1307 et
1475 1274 1551 1308 fere
1570 1284 1716 1320 semper
1741 1275 1778 1309 in
1798 1277 1886 1310 ossi-

451 1339 519 1371 bus
556 1337 749 1382 palatinis:
788 1337 902 1382 pelvis
931 1338 1076 1371 ossibus
1114 1337 1367 1372 humeralibus
1399 1349 1583 1383 appensa:
1622 1338 1713 1372 radii
1747 1339 1884 1385 spinosi

451 1402 573 1447 plures
594 1402 631 1435 in
652 1402 774 1446 pinnis
794 1402 894 1435 dorsi
916 1407 950 1436 et
972 1403 1083 1443 anali,
1104 1403 1141 1436 in
1161 1403 1390 1436 ventralibus
1411 1403 1553 1437 unicus.

350 1472 408 1501 (52.
437 1466 674 1512 Polynemini.
705 1466 832 1500 Pinnae
849 1467 1033 1501 ventrales
1047 1472 1129 1511 post
1142 1467 1368 1512 pectorales:
1394 1473 1554 1501 rostrum
1571 1468 1778 1501 tumidum:
1806 1470 1886 1514 pin—

450 1542 508 1565 nae
524 1531 719 1565 verticales
740 1542 970 1576 squamosae:
998 1532 1090 1565 radii
1111 1531 1355 1577 pectoralium
1376 1532 1500 1577 plures
1520 1533 1637 1575 liberi,
1657 1533 1860 1569 filiformes.

350 1602 408 1632 63.
437 1596 703 1630 H‹)l0c·enlrini.
746 1596 873 1630 Pinnae
895 1597 1090 1639 ventrales,
1119 1597 1228 1631 radiis
1248 1597 1448 1642 plusquam
1469 1598 1646 1643 quinque,
1674 1600 1742 1633 sub
1762 1605 1887 1645 pecto-

451 1661 610 1696 ralibus:
641 1662 869 1696 membranre
890 1662 1190 1707 brancbiostegae
1211 1662 1323 1696 radiis
1344 1662 1540 1708 plusquam
1561 1669 1712 1708 septem.

350 1731 407 1760 64.
437 1726 596 1759 Pet-cini.
636 1727 765 1760 Pinme
791 1726 976 1760 ventrales
1003 1726 1345 1771 quinque-radiatae
1371 1728 1440 1761 sub
1470 1728 1742 1773 pectoralibus:
1774 1741 1885 1764 mem-

452 1792 579 1825 branae
598 1791 898 1836 brancbiostegae
920 1791 1031 1825 radiis
1051 1797 1191 1836 septem
1213 1791 1270 1825 vel
1291 1791 1426 1826 minus.

253 1863 310 1891 26.
340 1857 512 1891 GosslDAE.
567 1856 694 1889 Pinnae
724 1855 908 1890 ventrales
941 1856 1036 1890 infra
1064 1857 1271 1901 pectorales
1304 1862 1409 1899 ortae,
1439 1857 1652 1903 conjunctae
1680 1859 1810 1894 saltem
1840 1861 1885 1894 ad

452 1921 571 1955 basim
597 1921 634 1954 in
658 1921 813 1954 formam
839 1920 952 1954 disci:
982 1920 1073 1954 radii
1100 1921 1237 1966 spinosi
1263 1921 1386 1967 pinnae
1413 1922 1570 1957 dorsalis
1588 1923 1757 1969 graciles,
1784 1925 1886 1960 flexi-

450 1986 525 2020 les:
555 1985 696 2019 fissurae
716 1985 950 2019 branchiales
971 1997 1106 2030 parvae.

352 2056 411 2086 65.
446 2050 589 2084 Gohim'.
618 2050 762 2096 Corpus
783 2050 1013 2095 elongatum,
1034 2063 1165 2096 parum
1185 2062 1450 2097 compressum,
1475 2052 1600 2087 antice
1621 2053 1886 2089 incrassatum:

451 2126 618 2160 squamae
643 2115 808 2149 minutae.
864 2115 1056 2161 .›IJ1petz(li.v
1081 2115 1248 2150 fabulosa
1277 2116 1400 2150 amica
1424 2122 1507 2162 post
1529 2130 1650 2161 (mum,
1676 2119 1710 2152 ἱη
1739 2124 1888 2166 utroque

449 2192 546 2214 SRPH.

854 2236 942 2266 Ordo
959 2240 988 2267 9.
1018 2236 1285 2267 CYCLOIDEI.

253 2320 310 2355 27.
339 2315 649 2348 CYCLOPTERIDAE.
678 2313 807 2347 Pinnae
829 2313 1013 2347 ventrales
1033 2313 1128 2348 infra
1143 2313 1349 2359 pectorales
1369 2314 1451 2348 sitee
1466 2314 1503 2348 in
1519 2315 1666 2349 (liscum
1682 2317 1885 2351 suctorium

452 2378 714 2413 conniventes:
745 2377 836 2412 radii
857 2389 985 2413 omnes
1006 2379 1204 2424 pinnarum
1226 2378 1378 2413 molles:
1408 2390 1542 2425 corpus
1562 2380 1727 2414 nuduml

353 2449 411 2478 66.
444 2442 698 2489 Cyclopterini.
752 2443 895 2488 Corpus
931 2443 1140 2477 tumidum:
1180 2443 1302 2489 pinnae
1335 2444 1538 2490 pectorales
1569 2444 1761 2490 jugulares
1789 2446 1886 2485 latre,

456 2509 671 2541 membrana
686 2507 849 2552 junctae:
878 2508 1093 2553 operculum
1113 2509 1302 2554 exiguum.

1018 2577 1121 2606 21³2
